<record><leader>00000cas a22000007a 4500</leader><controlfield tag="001">20948707</controlfield><controlfield tag="008">900124c19759999pr wr ne      0   b0spa d</controlfield><datafield ind1=" " ind2=" " tag="010"><subfield code="a">sn 90070003 </subfield></datafield><datafield ind1=" " ind2=" " tag="040"><subfield code="a">PNN</subfield><subfield code="b">eng</subfield><subfield code="c">PNN</subfield><subfield code="d">NSD</subfield><subfield code="d">OCLCQ</subfield></datafield><datafield ind1=" " ind2=" " tag="012"><subfield code="l">1</subfield></datafield><datafield ind1="1" ind2=" " tag="022"><subfield code="a">1526-8616</subfield><subfield code="2">1</subfield></datafield><datafield ind1=" " ind2=" " tag="042"><subfield code="a">msc</subfield><subfield code="a">nsdp</subfield></datafield><datafield ind1=" " ind2="3" tag="222"><subfield code="a">El visitante</subfield><subfield code="b">(Santurce, P.R.)</subfield></datafield><datafield ind1="0" ind2="3" tag="245"><subfield code="a">El visitante.</subfield></datafield><datafield ind1="1" ind2="7" tag="246"><subfield code="a">Visitante de Puerto Rico</subfield></datafield><datafield ind1=" " ind2=" " tag="260"><subfield code="a">Santurce, P.R. :</subfield><subfield code="b">Our Sunday Visitor Inc.</subfield></datafield><datafield ind1=" " ind2=" " tag="300"><subfield code="a">v.</subfield></datafield><datafield ind1=" " ind2=" " tag="310"><subfield code="a">Weekly</subfield></datafield><datafield ind1="0" ind2=" " tag="362"><subfield code="a">Vol. 1, no. 1 (5 de enero de 1975)-</subfield></datafield><datafield ind1=" " ind2=" " tag="500"><subfield code="a">&quot;Semanario cato&#769;lico nacional para servir a la iglesia.&quot;</subfield></datafield><datafield ind1=" " ind2=" " tag="500"><subfield code="a">Publisher change: Conferencia Episcopal Puertorriquen&#771;a, Jan. 15, 1978-</subfield></datafield><datafield ind1=" " ind2=" " tag="588"><subfield code="a">Latest issue consulted: Vol. 24, no. 26 (27 de jun. de 1998) (surrogate).</subfield></datafield><datafield ind1=" " ind2=" " tag="752"><subfield code="a">United States</subfield><subfield code="b">Puerto Rico</subfield><subfield code="d">San Juan.</subfield></datafield></record>